%
% Modified by Sameer Vijay
% Last Change: Wed Jul 27 2005 13:00 CEST
%

@inproceedings{lhcmachine,
      author         = "L. Evans and P. Bryant",
      title          = "{LHC machine}",
      booktitle      = "Journal of Instrumentation",
      year         = "2008",
      volume         = "3",
      month ="August"

}
@Misc{acc_complex,
   author =       "CERN",
   title =        "{\relax CERN} accelerator complex",
   howpublished = "Website",
   note =         "\url{http://public-archive.web.cern.ch/public-archive/en/research/AccelComplex-en.html}"
}
@Misc{cms_int_lumi_ref,
   author =       "{\relax CMS Collaboration}",
   title =        "{\relax CMS integrated luminosity - public results}",
   howpublished = "Website",
   note =         "\url{https://twiki.cern.ch/twiki/bin/view/CMSPublic/LumiPublicResults}"
}

@Article{LHC_plan_ref,
  author =	 "Joel {\relax Butler} et al.",
  title = 	 "{\relax Phase II Upgrade Scope Document}t",
  journal = 	 "CERN-LHCC-2015-019",
  year = 	 "2015",
}

@Article{cms_exp_ref,
  author = 	 "{\relax CMS Collaboration}",
  title = 	 "{\relax The CMS experiment at the CERN LHC}",
  journal = 	 "JINST",
  year = 	 "2008",
  volume =	 "3",
  month =	 "August"
}


@Article{Georgi_GF,
      author         = "Georgi, H. M. and Glashow, S. L. and Machacek, M. E. and
                        Nanopoulos, Dimitri V.",
      title          = "{H}iggs Bosons from Two Gluon Annihilation in Proton
                        Proton Collisions",
      journal        = "Phys. Rev. Lett.",
      volume         = "40",
      year           = "1978",
      pages          = "692",
      doi            = "10.1103/PhysRevLett.40.692",
      reportNumber   = "HUTP-77/A084",
}

@Article{Cahn:1986zv,
      author         = "Cahn, Robert N. and Ellis, Stephen D. and Kleiss, Ronald
                        and Stirling, W. James",
      title          = "{Transverse-momentum signatures for heavy Higgs bosons}",
      journal        = "Phys. Rev. D",
      volume         = "35",
      year           = "1987",
      pages          = "1626",
      doi            = "10.1103/PhysRevD.35.1626",
      reportNumber   = "LBL-21649",
}

@Article{Glashow:1978ab,
      author         = "Glashow, S. L. and Nanopoulos, Dimitri V. and Yildiz, A.",
      title          = "{Associated production of Higgs bosons and Z particles}",
      journal        = "Phys. Rev. D",
      volume         = "18",
      year           = "1978",
      pages          = "1724",
      doi            = "10.1103/PhysRevD.18.1724",
      SLACcitation   = "%%CITATION = PHRVA,D18,1724;%%"                                                                                    
}

@Article{Nason:2004rx,
      author         = "Nason, Paolo",
      title          = "{A new method for combining NLO QCD with shower Monte
                        Carlo algorithms}",
      journal        = "JHEP",
      volume         = "11",
      pages          = "040",
      doi            = "10.1088/1126-6708/2004/11/040",
      year           = "2004",
      eprint         = "hep-ph/0409146",
      archivePrefix  = "arXiv",
      primaryClass   = "hep-ph",
      reportNumber   = "BICOCCA-FT-04-11",
      SLACcitation   = "%%CITATION = HEP-PH/0409146;%%",                                                                                                                           
}

@Article{Frixione:2007vw,
      author         = "Frixione, Stefano and Nason, Paolo and Oleari, Carlo",
      title          = "{Matching NLO QCD computations with parton shower
                        simulations: the POWHEG method}",
      journal        = "JHEP",
      volume         = "11",
      pages          = "070",
      doi            = "10.1088/1126-6708/2007/11/070",
      year           = "2007",
      eprint         = "0709.2092",
      archivePrefix  = "arXiv",
      primaryClass   = "hep-ph",
      reportNumber   = "BICOCCA-FT-07-9, GEF-TH-21-2007",
      SLACcitation   = "%%CITATION = ARXIV:0709.2092;%%",                                                                                                                          
}

@Article{Alioli:2010xd,
      author         = "Alioli, Simone and Nason, Paolo and Oleari, Carlo and Re,
                        Emanuele",
      title          = "{A general framework for implementing NLO calculations in
                        shower Monte Carlo programs: the POWHEG BOX}",
      journal        = "JHEP",
      volume         = "06",
      pages          = "043",
      doi            = "10.1007/JHEP06(2010)043",
      year           = "2010",
      eprint         = "1002.2581",
      archivePrefix  = "arXiv",
      primaryClass   = "hep-ph",
      reportNumber   = "DESY-10-018, SFB-CPP-10-22, IPPP-10-11, DCPT-10-22",
      SLACcitation   = "%%CITATION = ARXIV:1002.2581;%%",                                                                                                                          
}
@Article{Alioli:2010xa,
      author         = "Alioli, Simone and Hamilton, Keith and Nason, Paolo and
                        Oleari, Carlo and Re, Emanuele",
      title          = "{Jet pair production in POWHEG}",
      journal        = "JHEP",
      volume         = "04",
      pages          = "081",
      doi            = "10.1007/JHEP04(2011)081",
      year           = "2011",
      eprint         = "1012.3380",
      archivePrefix  = "arXiv",
      primaryClass   = "hep-ph",
      reportNumber   = "DESY-10-233, SFB-CPP-10-128, IPPP-10-100, DCPT-10-200,
                        MCNET-10-23",
      SLACcitation   = "%%CITATION = ARXIV:1012.3380;%%",                                                                                                                          
}
@Article{Alioli:2008tz,
      author         = "Alioli, Simone and Nason, Paolo and Oleari, Carlo and Re,
                        Emanuele",
      title          = "{NLO Higgs boson production via gluon fusion matched with
                        shower in POWHEG}",
      journal        = "JHEP",
      volume         = "04",
      pages          = "002",
      doi            = "10.1088/1126-6708/2009/04/002",
      year           = "2009",
      eprint         = "0812.0578",
      archivePrefix  = "arXiv",
      primaryClass   = "hep-ph",
      SLACcitation   = "%%CITATION = ARXIV:0812.0578;%%",                                                                                                                          
}
@Article{TAUOLA,
        Author = {Stanis{\l}aw Jadach and Johann H. K\"uhn and Zbigniew W{\c{a}}s},
        Doi = {10.1016/0010-4655(91)90038-M},
        Journal = {Comput. Phys. Commun.},
        Pages = {275},
        Title = {{TAUOLA} - a library of {M}onte {C}arlo programs to simulate decays of polarized tau leptons},
        Volume = {64},
        Year = {1991},
        Bdsk-Url-1 = {http://dx.doi.org/10.1016/0010-4655(91)90038-M}}

@Article{Bagnaschi:2011tu,
      author         = "Bagnaschi, E. and Degrassi, G. and Slavich, P. and
                        Vicini, A.",
      title          = "{Higgs production via gluon fusion in the POWHEG approach
                        in the SM and in the MSSM}",
      journal        = "JHEP",
      volume         = "02",
      year           = "2012",
      pages          = "088",
      doi            = "10.1007/JHEP02(2012)088",
      eprint         = "1111.2854",
      archivePrefix  = "arXiv",
      primaryClass   = "hep-ph"
      }


@Article{Alwall:2011uj,
      author         = "Alwall, Johan and Herquet, Michel and Maltoni, Fabio and
                        Mattelaer, Olivier and Stelzer, Tim",
      title          = "{MadGraph 5: going beyond}",
      journal        = "JHEP",
      volume         = "06",
      pages          = "128",
      doi            = "10.1007/JHEP06(2011)128",
      year           = "2011",
      eprint         = "1106.0522",
      archivePrefix  = "arXiv",
      primaryClass   = "hep-ph",
      reportNumber   = "FERMILAB-PUB-11-448-T",
      SLACcitation   = "%%CITATION = ARXIV:1106.0522;%%",                                                                                                                          
}


@Article{Alwall2014,
author="Alwall, J.
and Frederix, R.
and Frixione, S.
and Hirschi, V.
and Maltoni, F.
and Mattelaer, O.
and Shao, H.-S.
and Stelzer, T.
and Torrielli, P.
and Zaro, M.",
title="The automated computation of tree-level and next-to-leading order differential cross sections, and their matching to parton shower simulations",
journal="Journal of High Energy Physics",
year="2014",
volume="2014",
number="7",
pages="79",
issn="1029-8479",
doi="10.1007/JHEP07(2014)079",
url="http://dx.doi.org/10.1007/JHEP07(2014)079"
}

@Article{Sjostrand:pythia8,
     author         = "Sj{\"o}strand, Torbj{\"o}rn and Mrenna, Stephen and Skands, Peter",
      title          = "A brief introduction to {PYTHIA} 8.1",
      journal        = "{Comput. Phys. Commun.}",
      volume         = "178",
      pages          = "852",
      doi            = "10.1016/j.cpc.2008.01.036",
      year           = "2007",
      eprint         = "0710.3820",
      archivePrefix  = "arXiv",
      primaryClass   = "hep-ph",
      reportNumber   = "FERMILAB-PUB-07-512-CD-T, LU-TP-07-28",
}
@Article{GEANT4,
      author         = "S. Agostinelli et al.",
      title          = "{GEANT4} --- a simulation toolkit",
      collaboration  = "GEANT4",
      journal        = "Nucl. Instrum. Meth. A",
      volume         = "506",
      pages          = "250",
      doi            = "10.1016/S0168-9002(03)01368-8",
      year           = "2003",
      reportNumber   = "SLAC-PUB-9350, FERMILAB-PUB-03-339",
}


@article{Khachatryan:2015pea,
      author         = "Khachatryan, Vardan and others",
      title          = "{Event generator tunes obtained from underlying event and
                        multiparton scattering measurements}",
      collaboration  = "CMS",
      journal        = "Eur. Phys. J.",
      volume         = "C76",
      year           = "2016",
      number         = "3",
      pages          = "155",
      doi            = "10.1140/epjc/s10052-016-3988-x",
      eprint         = "1512.00815",
      archivePrefix  = "arXiv",
      primaryClass   = "hep-ex",
      reportNumber   = "CMS-GEN-14-001, CERN-PH-EP-2015-291",
}


@article{blind_analysis,
      author         = "Aaron Roodman",
      title          = "{Blind Analysis in Particle Physics
                        }",
      year           = "2003",
      doi            = "arXiv:physics/0312102v1"
      eprint         = "physics/0312102v1",
      archivePrefix  = "arXiv",
      primaryClass   = "hep-ex",
      reportNumber   = "ECONF C030908:TUIT001",
}

@article{CMS-PAS-HIG-16-043,
      title          = "{Observation of the Higgs boson decay to a pair of $\tau$ leptons}",
      collaboration  = "CMS",
      author         = "{\relax CMS Collaboration}",
      journal ="Phys. Lett. B",
      volume="779",
      pages="283",
      year           = "2018",
      eprint         = "1708.00373",
      archivePrefix  = "arXiv",
      primaryClass   = "hep-ex",
      reportNumber   = "CMS-HIG-16-043, CERN-EP-2017-181",
      doi            = "10.1016/j.physletb.2018.02.004"

}

@manual{tmva_manual,
      author         = "A. Hoecker et al.",
      title          = "{TMVA - Toolkit for Multivariate Data Analysis}",
      year           = "2017",
      doi            = "https://root.cern.ch/download/doc/tmva/TMVAUsersGuide.pdf",
      note="\url{http://tmva.sourceforge.net/}",
      howpublished = "Website",
}










@PhdThesis{greenfield96:_gettin_know_gnu,
  author = 	 "Gary Greenfield",
  title = 	 "Getting to Know Gnu",
  school = 	 "Geoffrey Garfield School of Gnus",
  year = 	 "1996",
  month =	 "August"
}




@Article{galmira98:_gnus_milit,
  author = 	 "Gohnny Galmira",
  title = 	 "Gnus and the Military -- A Secret Conspiracy?",
  journal = 	 "Growing Towards Gnu",
  year = 	 "1998",
  volume =	 "III",
  number =	 "7",
  pages =	 "22-183",
  month =	 "September"
}

@Misc{gairley2000,
   author =       "Grog van Gairley",
   title =        "Gnu's Review",
   howpublished = "Website",
   note =         "\url{http://www.gairley.gnu}",
   year =         "2000",
}

